@book{hox2017multilevel,
  title={Multilevel analysis: Techniques and applications},
  isbn={9781138121362},
  author={Hox, Joop J and Moerbeek, Mirjam and Van de Schoot, Rens},
  year={2017},
  publisher={Routledge}
}

@Article{makowski2019bayetestR,
	doi = {10.21105/joss.01541},
	url = {https://doi.org/10.21105/joss.01541},
	year = {2019},
	volume = {4},
	number = {40},
	pages = {1541},
	author = {Dominique Makowski and Mattan Ben-Shachar and Daniel Lüdecke},
	title = {{bayestestR}: Describing Effects and their Uncertainty, Existence and Significance within the Bayesian Framework},
	journal = {Journal of Open Source Software}
}



@Article{ludecke2019insight,
  title = {{insight}: A Unified Interface to Access Information from Model Objects in {R}},
  volume = {4},
  doi = {10.21105/joss.01412},
  number = {38},
  journal = {Journal of Open Source Software},
  author = {Daniel Lüdecke and Philip Waggoner and Dominique Makowski},
  year = {2019},
  pages = {1412}
}


@Manual{rcore,
  title = {{R}: A Language and Environment for Statistical Computing},
  author = {{R Core Team}},
  organization = {R Foundation for Statistical Computing},
  address = {Vienna, Austria},
  year = {2021},
  url = {https://www.R-project.org/}
}


@Manual{robinson_broom_2020,
  title = {{broom}: Convert Statistical Objects into Tidy Tibbles},
  author = {David Robinson and Alex Hayes and Simon Couch},
  year = {2020},
  note = {R package version 0.7.0},
  url = {https://CRAN.R-project.org/package=broom}
}

@Article{ludecke2020see,
    title = {{see}: Visualisation Toolbox for {'easystats'} and Extra Geoms, Themes and Color Palettes for {'ggplot2'}},
    author = {Daniel Lüdecke and Mattan S. Ben-Shachar and Indrajeet Patil and Philip Waggoner and Dominique Makowski},
    journal = {CRAN},
    year = {2020},
    note = {R package},
    doi = {10.5281/zenodo.3952153},
    url = {https://easystats.github.io/see/},
  }


@Manual{revelle_psych_2019,
  title = {{psych}: Procedures for Psychological, Psychometric, and Personality Research},
  author = {William Revelle},
  organization = {Northwestern University},
  address = {Evanston, Illinois},
  year = {2019},
  note = {R package version 1.9.12},
  url = {https://CRAN.R-project.org/package=psych}
}


@Article{saefken_caic4_2018,
  title = {Conditional Model Selection in Mixed-Effects Models with {cAIC4}},
  author = {Benjamin Saefken and David Ruegamer and Thomas Kneib and Sonja Greven},
  journal = {ArXiv e-prints},
  year = {2018},
  eprint = {1803.05664},
  month = {march},
  url = {https://arxiv.org/abs/1803.05664}
}

@Article{benshachar2020effectsize,
  title = {{effectsize}: Compute and interpret indices of effect size},
  author = {Mattan S. Ben-Shachar and Dominique Makowski and Daniel Lüdecke},
  journal = {CRAN},
  year = {2020},
  note = {R package},
  doi = {10.5281/zenodo.3952214},
  url = {https://easystats.github.io/effectsize},
}

@article{johnson_extension_2014,
	title = {Extension of {Nakagawa} \& {Schielzeth}'s {R}2 {GLMM} to random slopes models},
	volume = {5},
	issn = {2041210X},
	language = {en},
	number = {9},
	urldate = {2019-02-14},
	journal = {Methods in Ecology and Evolution},
	author = {Johnson, Paul C.D.},
	editor = {O'Hara, Robert B.},
	month = sep,
	year = {2014},
	pages = {944--946}
}

@Article{Lüdecke2020parameters,
    title = {parameters: Extracting, Computing and Exploring the Parameters of Statistical Models using {R}.},
    volume = {5},
    doi = {10.21105/joss.02445},
    number = {53},
    journal = {Journal of Open Source Software},
    author = {Daniel Lüdecke and Mattan S. Ben-Shachar and Indrajeet Patil and Dominique Makowski},
    year = {2020},
    pages = {2445},
  }

@Article{Makowski2020correlation,
    title = {Methods and Algorithms for Correlation Analysis in R.},
    author = {Dominique Makowski and Mattan S. Ben-Shachar and Indrajeet Patil and Daniel Lüdecke},
    doi = {10.21105/joss.02306},
    year = {2020},
    journal = {Journal of Open Source Software},
    number = {51},
    volume = {5},
    pages = {2306},
    url = {https://joss.theoj.org/papers/10.21105/joss.02306},
  }


@article{nakagawa_coefficient_2017,
	title = {The coefficient of determination {R}2 and intra-class correlation coefficient from generalized linear mixed-effects models revisited and expanded.},
	volume = {14},
	issn = {1742-5689, 1742-5662},
	url = {https://rsif.royalsocietypublishing.org/lookup/doi/10.1098/rsif.2017.0213},
	doi = {10.1098/rsif.2017.0213},
	language = {en},
	number = {134},
	urldate = {2019-02-14},
	journal = {Journal of The Royal Society Interface},
	author = {Nakagawa, Shinichi and Johnson, Paul C. D. and Schielzeth, Holger},
	month = sep,
	year = {2017},
	pages = {20170213}
}

@book{hox_multilevel_2010,
	address = {New York},
	edition = {2nd ed},
	series = {Quantitative methodology series},
	title = {Multilevel analysis: techniques and applications},
	isbn = {978-1-84872-845-5 978-1-84872-846-2 978-0-203-85227-9},
	shorttitle = {Multilevel analysis},
	publisher = {Routledge},
	author = {Hox, J. J.},
	year = {2010}
}

@book{gelman_data_2007,
	address = {Cambridge ; New York},
	series = {Analytical methods for social research},
	title = {Data analysis using regression and multilevel/hierarchical models},
	isbn = {978-0-521-86706-1 978-0-521-68689-1},
	publisher = {Cambridge University Press},
	author = {Gelman, Andrew and Hill, Jennifer},
	year = {2007},
	note = {OCLC: ocm67375137},
	keywords = {Multilevel models (Statistics), Regression analysis}
}

@Article{lmtest,
  title = {Diagnostic Checking in Regression Relationships},
  author = {Achim Zeileis and Torsten Hothorn},
  journal = {R News},
  year = {2002},
  volume = {2},
  number = {3},
  pages = {7--10},
  url = {https://CRAN.R-project.org/doc/Rnews/},
}


@Manual{MuMin,
  title = {MuMIn: Multi-Model Inference},
  author = {Kamil Barton},
  year = {2020},
  note = {R package version 1.43.17},
  url = {https://CRAN.R-project.org/package=MuMIn},
}


@Book{car,
  title = {An {R} Companion to Applied Regression},
  edition = {Third},
  author = {John Fox and Sanford Weisberg},
  year = {2019},
  publisher = {Sage},
  isbn = {9781544336473},
  address = {Thousand Oaks {CA}},
  url = {https://socialsciences.mcmaster.ca/jfox/Books/Companion/},
}



@article{vuong_likelihood_1989,
	title = {Likelihood {Ratio} {Tests} for {Model} {Selection} and {Non}-{Nested} {Hypotheses}},
	volume = {57},
	issn = {00129682},
	url = {https://www.jstor.org/stable/1912557?origin=crossref},
	doi = {10.2307/1912557},
	number = {2},
	urldate = {2021-03-23},
	journal = {Econometrica},
	author = {Vuong, Quang H.},
	month = mar,
	year = {1989},
	pages = {307}
}
