@article{zijlstra2011outliers,
  title={Outliers in questionnaire data: Can they be detected and should they be removed?},
  author={Zijlstra, Wobbe P and van der Ark, L Andries and Sijtsma, Klaas},
  journal={Journal of Educational and Behavioral Statistics},
  volume={36},
  number={2},
  pages={186--212},
  year={2011},
  publisher={Sage Publications Sage CA: Los Angeles, CA},
  doi = {10.3102/1076998610366263}
}

@software{carelesspackage,
  title = {{careless}: Procedures for computing indices of careless responding},
  author = {Yentes, R.D. and Wilhelm, F.},
  year = {2023},
  url = {https://cran.r-project.org/package=careless}
}

@article{curran2016methods,
  title={Methods for the detection of carelessly invalid responses in survey data},
  author={Curran, Paul G},
  journal={Journal of Experimental Social Psychology},
  volume={66},
  pages={4--19},
  year={2016},
  publisher={Elsevier},
  doi = {10.1016/j.jesp.2015.07.006}
}

@article{cao2018z,
  title={Z-Glyph: Visualizing outliers in multivariate data},
  author={Cao, Nan and Lin, Yu-Ru and Gotz, David and Du, Fan},
  journal={Information Visualization},
  volume={17},
  number={1},
  pages={22--40},
  year={2018},
  publisher={SAGE Publications Sage UK: London, England},
  doi = {10.1177/1473871616686635}
}

@article{ward2023dealing,
  title={Dealing with careless responding in survey data: Prevention, identification, and recommended best practices},
  author={Ward, Mary K and Meade, Adam W},
  journal={Annual Review of Psychology},
  volume={74},
  number={1},
  pages={577--596},
  year={2023},
  publisher={Annual Reviews},
  doi = {10.1146/annurev-psych-040422-045007}
}

@article{goldammer2020careless,
  title={Careless responding in questionnaire measures: Detection, impact, and remedies},
  author={Goldammer, Philippe and Annen, Hubert and St{\"o}ckli, Peter Lucas and Jonas, Klaus},
  journal={The Leadership Quarterly},
  volume={31},
  number={4},
  pages={101384},
  year={2020},
  publisher={Elsevier},
  doi = {10.1016/j.leaqua.2020.101384}
}

@article{aruguete2019serious,
  title={How serious is the ‘carelessness’ problem on Mechanical Turk?},
  author={Aruguete, Mara S and Huynh, Ho and Browne, Blaine L and Jurs, Bethany and Flint, Emilia and McCutcheon, Lynn E},
  journal={International Journal of Social Research Methodology},
  volume={22},
  number={5},
  pages={441--449},
  year={2019},
  publisher={Taylor \& Francis},
  doi = {10.1080/13645579.2018.1563966}
}

@article{chaloner1988bayesian,
  title={A Bayesian approach to outlier detection and residual analysis},
  author={Chaloner, Kathryn and Brant, Rollin},
  journal={Biometrika},
  volume={75},
  number={4},
  pages={651--659},
  year={1988},
  publisher={Oxford University Press},
  doi = {10.1093/biomet/75.4.651}
}

@article{ciccione2023outlier,
  title={Outlier detection and rejection in scatterplots: Do outliers influence intuitive statistical judgments?},
  author={Ciccione, Lorenzo and Dehaene, Guillaume and Dehaene, Stanislas},
  journal={Journal of Experimental Psychology: Human Perception and Performance},
  volume={49},
  number={1},
  pages={129},
  year={2023},
  publisher={American Psychological Association},
  doi = {10.1037/xhp0001065}
}

@article{mcneil1977interactive,
  title={Interactive data analysis: A practical primer},
  author={McNeil, Donald R},
  journal={(No Title)},
  year={1977},
  publisher={Wiley}
}

@article{smiti2020critical,
  title={A critical overview of outlier detection methods},
  author={Smiti, Abir},
  journal={Computer Science Review},
  volume={38},
  pages={100306},
  year={2020},
  publisher={Elsevier},
  doi = {10.1016/j.cosrev.2020.100306}
}

@article{aguinis2013best,
  title={Best-practice recommendations for defining, identifying, and handling outliers},
  author={Aguinis, Herman and Gottfredson, Ryan K and Joo, Harry},
  journal={Organizational research methods},
  volume={16},
  number={2},
  pages={270--301},
  year={2013},
  publisher={Sage Publications Sage CA: Los Angeles, CA},
  doi = {10.1177/1094428112470848}
}

@article{ratcliff2016diffusion,
  title={Diffusion decision model: Current issues and history},
  author={Ratcliff, Roger and Smith, Philip L and Brown, Scott D and McKoon, Gail},
  journal={Trends in Cognitive Sciences},
  volume={20},
  number={4},
  pages={260--281},
  year={2016},
  publisher={Elsevier},
  doi = {10.1016/j.tics.2016.01.007}
}

@article{brown2008simplest,
  title={The simplest complete model of choice response time: Linear ballistic accumulation},
  author={Brown, Scott D and Heathcote, Andrew},
  journal={Cognitive Psychology},
  volume={57},
  number={3},
  pages={153--178},
  year={2008},
  publisher={Elsevier},
  doi = {10.1016/j.cogpsych.2007.12.002}
}

@article{rouder2015lognormal,
  title={The lognormal race: A cognitive-process model of choice and latency with desirable psychometric properties},
  author={Rouder, Jeffrey N and Province, Jordan M and Morey, Richard D and Gomez, Pablo and Heathcote, Andrew},
  journal={Psychometrika},
  volume={80},
  pages={491--513},
  year={2015},
  publisher={Springer},
  doi = {10.1007/s11336-013-9396-3}
}

@article{anders2016shifted,
  title={The shifted {Wald} distribution for response time data analysis.},
  author={Anders, Royce and Alario, F and Van Maanen, Leendert and others},
  journal={Psychological Methods},
  volume={21},
  number={3},
  pages={309},
  year={2016},
  publisher={American Psychological Association},
  doi = {10.1037/met0000066}
}

@article{schramm2019reaction,
  title={Are reaction time transformations really beneficial?},
  author={Schramm, Pele and Rouder, Jeffrey N},
  year={2019},
  journal={PsyArXiv},
  doi = {10.31234/osf.io/9ksa6}
}

@article{miller2023outlier,
  title={Outlier exclusion procedures for reaction time analysis: The cures are generally worse than the disease.},
  author={Miller, Jeff},
  journal={Journal of Experimental Psychology: General},
  year={2023},
  publisher={American Psychological Association},
  doi = {10.1037/xge0001450}
}

@article{leys2019outliers,
  title = {How to Classify, Detect, and Manage Univariate and Multivariate Outliers, With Emphasis on Pre-Registration},author = {Leys, Christophe and Delacre, Marie and Mora, Youri L. and Lakens, Daniël and Ley, Christophe},
  journal = {International Review of Social Psychology},
  year = {2019},
  doi = {10.5334/irsp.289}
}

@article{leys2013outliers,
  title = {Detecting outliers: Do not use standard deviation around the mean, use absolute deviation around the median},
  author = {Christophe Leys and Christophe Ley and Olivier Klein and Philippe Bernard and Laurent Licata},
  journal = {Journal of Experimental Social Psychology},
  volume = {49},
  number = {4},
  pages = {764-766},
  year = {2013},
  doi = {10.1016/j.jesp.2013.03.013}
}

@article{leys2018outliers,
  title = {Detecting multivariate outliers: Use a robust variant of the {Mahalanobis} distance},
  journal = {Journal of Experimental Social Psychology},
  volume = {74},
  pages = {150-156},
  year = {2018},
  issn = {0022-1031},
  doi = {10.1016/j.jesp.2017.09.011},
  author = {Christophe Leys and Olivier Klein and Yves Dominicy and Christophe Ley},
}

@article{simmons2011false,
  author = {Joseph P. Simmons and Leif D. Nelson and Uri Simonsohn},
  title ={False-Positive Psychology: Undisclosed Flexibility in Data Collection and Analysis Allows Presenting Anything as Significant},
  journal = {Psychological Science},
  volume = {22},
  number = {11},
  pages = {1359-1366},
  year = {2011},
  doi = {10.1177/0956797611417632}
}

@software{easystatspackage,
  title = {{easystats}: Streamline Model Interpretation, Visualization, and Reporting},
  author = {Daniel Lüdecke and Dominique Makowski and Mattan S. Ben-Shachar and Indrajeet Patil and Brenton M. Wiernik and Etienne Bacher and Rémi Thériault},
  year = {2023},
  date = {2023-02-04},
  origdate = {2019-01-28},
  url = {https://easystats.github.io/easystats/}
}

@Article{ludecke2021performance,
    author = {Daniel Lüdecke and Mattan S. Ben-Shachar and Indrajeet Patil and Philip Waggoner and Dominique Makowski},
    title = {{performance}: An {R} package for assessment, comparison and testing of statistical models},
    volume = {6},
    number = {60},
    journal = {Journal of Open Source Software},
    year = {2021},
    pages = {3139},
    doi = {10.21105/joss.03139}
  }

@Article{patil2022datawizard,
    title = {{datawizard}: An {R} package for easy data preparation and statistical transformations},
    author = {Indrajeet Patil and Dominique Makowski and Mattan S. Ben-Shachar and Brenton M. Wiernik and Etienne Bacher and Daniel Lüdecke},
    journal = {Journal of Open Source Software},
    year = {2022},
    volume = {7},
    number = {78},
    pages = {4684},
    doi = {10.21105/joss.04684},
  }

@article{cook1977detection,
  author = {R. Dennis Cook},
  title = {Detection of Influential Observation in Linear Regression},
  journal = {Technometrics},
  volume = {19},
  number = {1},
  pages = {15-18},
  year  = {1977},
  publisher = {Taylor & Francis},
  doi = {10.1080/00401706.1977.10489493}
}

@book{iglewicz1993outliers,
	title = {How to detect and handle outliers (Vol. 16)},
	publisher = {Asq Press},
	author = {Iglewicz, B. and Hoaglin, D. C},
	year = {1993}
}

@article{gnanadesikan1972robust,
  title = {Robust estimates, residuals, and outlier detection with multiresponse data},
  author = {Gnanadesikan, R. and Kettenring, J. R},
  doi = {10.2307/2528963},
  journal = {Biometrics},
  pages = {81-124},
  year = {1972},
  volume = {28},
  number = {1}
}

@article{hubert2018mcd,
  author = {Hubert, Mia and Debruyne, Michiel and Rousseeuw, Peter J.},
  title = {Minimum covariance determinant and extensions},
  journal = {Wiley Interdisciplinary Reviews: Computational Statistics},
  volume = {10},
  number = {3},
  pages = {e1421},
  doi = {10.1002/wics.1421},
  url = {https://doi.org/10.1002/wics.1421},
  year = {2018}
}

@article{tukey1963less,
  title={Less vulnerable confidence and significance procedures for location based on a single sample: Trimming/Winsorization 1},
  author={Tukey, John W and McLaughlin, Donald H},
  journal={Sankhy{\=a}: The Indian Journal of Statistics, Series A},
  pages={331--352},
  year={1963},
  publisher={JSTOR}
}

@article{van1995statistical,
  title={Statistical mimicking of reaction time data: Single-process models, parameter variability, and mixtures},
  author={Van Zandt, Trisha and Ratcliff, Roger},
  journal={Psychonomic Bulletin \& Review},
  volume={2},
  number={1},
  pages={20--54},
  year={1995},
  publisher={Springer},
  doi = {10.3758/BF03214411}
}

@article{ratcliff1993methods,
  title={Methods for dealing with reaction time outliers.},
  author={Ratcliff, Roger},
  journal={Psychological Bulletin},
  volume={114},
  number={3},
  pages={510},
  year={1993},
  publisher={American Psychological Association},
  doi = {10.1037/0033-2909.114.3.510}
}

@book{mcelreath2020statistical,
  title={Statistical rethinking: A Bayesian course with examples in {R} and Stan},
  author={McElreath, Richard},
  year={2020},
  publisher={CRC press}
}

@article{theriault2023rempsyc,
  title={{rempsyc}: Convenience functions for psychology},
  author={Thériault, Rémi},
  journal={Journal of Open Source Software},
  volume={8},
  number={87},
  pages={5466},
  year={2023},
  doi = {10.1037/0033-2909.114.3.510}
}

@Manual{rcore,
  title = {{R}: A Language and Environment for Statistical Computing},
  author = {{R Core Team}},
  organization = {R Foundation for Statistical Computing},
  address = {Vienna, Austria},
  year = {2021},
  url = {https://www.R-project.org/}
}