@article{leys2019outliers,
  title = {How to Classify, Detect, and Manage Univariate and Multivariate Outliers, With Emphasis on Pre-Registration},author = {Leys, Christophe and Delacre, Marie and Mora, Youri L. and Lakens, DaniÃ«l and Ley, Christophe},
  journal = {International Review of Social Psychology},
  year = {2019},
  doi = {10.5334/irsp.289}
}

@article{leys2013outliers,
  title = {Detecting outliers: Do not use standard deviation around the mean, use absolute deviation around the median},
  author = {Christophe Leys and Christophe Ley and Olivier Klein and Philippe Bernard and Laurent Licata},
  journal = {Journal of Experimental Social Psychology},
  volume = {49},
  number = {4},
  pages = {764-766},
  year = {2013},
  doi = {https://doi.org/10.1016/j.jesp.2013.03.013},
  url = {https://www.sciencedirect.com/science/article/pii/S0022103113000668}
}

@Manual{rcore,
  title = {{R}: A Language and Environment for Statistical Computing},
  author = {{R Core Team}},
  organization = {R Foundation for Statistical Computing},
  address = {Vienna, Austria},
  year = {2021},
  url = {https://www.R-project.org/}
}